<?xml version="1.0" encoding="UTF-8"?><collection><record><leader>03966ntm a2200445 a 4500</leader><controlfield tag="001">002641713</controlfield><controlfield tag="003">MiAaHDL</controlfield><controlfield tag="005">20190719000000.0</controlfield><controlfield tag="006">m        d        </controlfield><controlfield tag="007">cr bn ---auaua</controlfield><controlfield tag="008">930712s1593    xx            00| | ara d</controlfield><datafield tag="035" ind1=" " ind2=" "><subfield code="a">(MiU)002641713</subfield></datafield><datafield tag="035" ind1=" " ind2=" "><subfield code="a">sdr-miu002641713</subfield></datafield><datafield tag="035" ind1=" " ind2=" "><subfield code="a">(OCoLC)34366688</subfield></datafield><datafield tag="035" ind1=" " ind2=" "><subfield code="a">(RLIN)MIUH93-A183</subfield></datafield><datafield tag="040" ind1=" " ind2=" "><subfield code="a">MiU</subfield><subfield code="c">MiU</subfield><subfield code="e">appm</subfield></datafield><datafield tag="100" ind1="1" ind2=" "><subfield code="6">880-01</subfield><subfield code="a">Nasafī, ʻAbd Allāh ibn Aḥmad,</subfield><subfield code="d">-1310.</subfield></datafield><datafield tag="240" ind1="1" ind2="0"><subfield code="6">880-02</subfield><subfield code="a">Kanz al-daqāʼiq</subfield></datafield><datafield tag="245" ind1="1" ind2="0"><subfield code="6">880-03</subfield><subfield code="a">Kitāb kanz al-daqāʼiq wa-majmaʻ al-ḥaqāʼiq :</subfield><subfield code="b">fī al-fiqh ʻalá madhhab al-imām al-ʻaẓīm Abī Ḥanīfah al-Nuʻmān ibn Thābit al-Kūfī al-Tābiʻ :</subfield><subfield code="k">manuscript,</subfield><subfield code="f">1593] /</subfield><subfield code="c">taṣnīf al-shaykh al-imām Ḥāfiẓ al-Dīn Shams al-Islām wa-al-muslimīn wārith sanad ʻulūm al-mursilīn Abī al-Barakāt ʻAbd Allāh ibn Aḥmad ibn Maḥmūd al-Nasafī ; ḥarrara hādhā al-kitāb al-muʻaẓẓam bi-rasm al-janāb al-mukarram al-malḥūẓ bi-ḥibr al-saʻādah al-makhṣūṣ li-maḥabbat al-ʻilm wa-al-ʻulamāʼ al-sādah ʻUmar Aghā ibn Muḥammad Jafr Zādah.</subfield></datafield><datafield tag="300" ind1=" " ind2=" "><subfield code="a">1</subfield><subfield code="f">v. ([376] p.) ;</subfield><subfield code="c">25 cm</subfield></datafield><datafield tag="500" ind1=" " ind2=" "><subfield code="a">Watermark: serpent (?) in circle with cross (on flyleaf only).</subfield></datafield><datafield tag="500" ind1=" " ind2=" "><subfield code="a">Text rubricated in red and blue and enclosed within borders of red, black, blue and gold; chapter headings in gold ink; title p. (p. 7) illuminated; p. [8] has ʻunwān and gold rosettes marking ends of phrases; marginal corrections and notes in hand of copyist; vol. has gilt edges and edge title; table of contents supplied (pp. [3-6]).</subfield></datafield><datafield tag="500" ind1=" " ind2=" "><subfield code="a">Text (not this copy) published.</subfield></datafield><datafield tag="500" ind1=" " ind2=" "><subfield code="a">Date in colophon: wa-kāna al-farāgh min katb hādhā al-kitāb al-mubārak nahār al-ithnay ʻāshar shahr al-Ḥijjah al-ḥarām ākhir ʻām wāḥida baʻda al-alf [i.e. 10 September 1593].</subfield></datafield><datafield tag="510" ind1="4" ind2=" "><subfield code="a">GAL,</subfield><subfield code="c">v. II, p. 251; GAL, Suppl. II, p. 265; EI2, v. iii, p. 163b</subfield></datafield><datafield tag="520" ind1="8" ind2=" "><subfield code="a">An important work of Ḥanafī law deriving from the Hidāyah of ʻAlī ibn Abī Bakr al-Marghīnānī (d. 1196 or 7).</subfield></datafield><datafield tag="520" ind1=" " ind2=" "><subfield code="a">"A compendium of Ḥanafī law." Cataloging by Elinor M. Husselman, 1945.</subfield></datafield><datafield tag="538" ind1=" " ind2=" "><subfield code="a">Mode of access: Internet.</subfield></datafield><datafield tag="541" ind1=" " ind2=" "><subfield code="d">1931</subfield><subfield code="3">Manuscript</subfield><subfield code="a">Albert May Todd</subfield><subfield code="c">Gift, 1931</subfield></datafield><datafield tag="561" ind1=" " ind2=" "><subfield code="a">Gift: Albert M. Todd, 1931. Owners' marks: on p. [1], owner's autograph and date: sanat thalath wa-thamānīn wa-miʼatayn wa-alf [i.e. 1866 or 7] al milk ʻAbd al-Wāḥid al-Qahhār Qarbamī zādah Aḥmad Rashīd Afandī zādah al-sayyid Muḥammad Nashʼāt; on p. [1], owner's autograph and seal: min kutub al-faqīr Muḥammad Bahāʼ al-Dīn; on p. [1], owner's autograph: ʻAbd Allāh Jamāl al-Dīn al-ʻArīf; inside front and back covers, bookplate: Ex Libris Albert May Todd.</subfield></datafield><datafield tag="600" ind1="1" ind2="0"><subfield code="a">Marghīnānī, ʻAlī ibn Abī Bakr,</subfield><subfield code="d">-1196 or 1197.</subfield><subfield code="t">Kitāb al-hidāyah.</subfield></datafield><datafield tag="600" ind1="0" ind2="0"><subfield code="6">880-04</subfield><subfield code="a">Abū Ḥanīfah,</subfield><subfield code="d">-767 or 768.</subfield></datafield><datafield tag="650" ind1=" " ind2="0"><subfield code="a">Hanafites</subfield><subfield code="v">Early works to 1800.</subfield></datafield><datafield tag="650" ind1=" " ind2="0"><subfield code="a">Islamic law</subfield><subfield code="v">Early works to 1800.</subfield></datafield><datafield tag="650" ind1=" " ind2="0"><subfield code="a">Manuscripts, Arabic</subfield><subfield code="z">Michigan</subfield><subfield code="z">Ann Arbor.</subfield></datafield><datafield tag="700" ind1="1" ind2=" "><subfield code="a">Todd, Albert May,</subfield><subfield code="d">1850-1931,</subfield><subfield code="e">former owner.</subfield></datafield><datafield tag="880" ind1="0" ind2="4"><subfield code="6">600-04/</subfield><subfield code="a">أبو حنيفة.</subfield></datafield><datafield tag="880" ind1="1" ind2="0"><subfield code="6">245-03/</subfield><subfield code="a">كتاب كنز الدقائق ومجمع الحقائق :</subfield><subfield code="b">في الفقه على مذهب الإمام العظيم أبي حنيفة النعمان بن ثابت الكوفي التابع :</subfield><subfield code="k">manuscript،</subfield><subfield code="f">[1593] /</subfield><subfield code="c">تصنيف الشيخ الإمام حافظ الدين شمس الإسلام والمسلمين وارث سند علوم المرسلين أبي البركات عبد الله بن أحمد بن محمود النسفي ؛ حرر هذا الكتاب المعظم برسم الجناب المكرم الملحوظ بحبر السعادة المخصوص لمحبة العلم والعلماء السادة عمر أغا بن محمد جفر زادة.</subfield></datafield><datafield tag="880" ind1="1" ind2="0"><subfield code="6">240-02/</subfield><subfield code="a">كنز الدقائق</subfield></datafield><datafield tag="880" ind1="1" ind2=" "><subfield code="6">100-01/</subfield><subfield code="a">عبد الله بن أحمد النسفي.</subfield></datafield><datafield tag="CID" ind1=" " ind2=" "><subfield code="a">002641713</subfield></datafield><datafield tag="DAT" ind1="0" ind2=" "><subfield code="a">20190719102632.0</subfield><subfield code="b">20190719000000.0</subfield></datafield><datafield tag="DAT" ind1="1" ind2=" "><subfield code="a">20190719090653.0</subfield><subfield code="b">2019-07-19T16:10:45Z</subfield></datafield><datafield tag="DAT" ind1="2" ind2=" "><subfield code="a">2015-10-02T18:00:03Z</subfield><subfield code="b">2014-03-05T21:00:03Z</subfield></datafield><datafield tag="CAT" ind1=" " ind2=" "><subfield code="a">SDR-MIU</subfield><subfield code="d">EX LIBRIS - ALEPH</subfield><subfield code="l">prepare.pl-004-008</subfield></datafield><datafield tag="FMT" ind1=" " ind2=" "><subfield code="a">BK</subfield></datafield><datafield tag="HOL" ind1=" " ind2=" "><subfield code="0">sdr-miu002641713</subfield><subfield code="a">MiU</subfield><subfield code="b">SDR</subfield><subfield code="c">MIU</subfield><subfield code="p">mdp.39015081447586</subfield><subfield code="s">MIU</subfield><subfield code="1">002641713</subfield></datafield><datafield tag="974" ind1=" " ind2=" "><subfield code="b">MIU</subfield><subfield code="c">MIU</subfield><subfield code="d">20190719</subfield><subfield code="s">lit-dlps-dc</subfield><subfield code="u">mdp.39015081447586</subfield><subfield code="y">1593</subfield><subfield code="r">pd</subfield><subfield code="q">exp</subfield></datafield></record></collection>